@dplyrpkg{R-dplyr,
  title = {dplyr: A Grammar of Data Manipulation},
  author = {Hadley Wickham and Romain François and Lionel Henry and Kirill Müller},
  year = {2023},
  note = {R package version 1.1.0},
  url = {https://CRAN.R-project.org/package=dplyr},
@citrpkg{citr,
  title = {citr: RStudio Addin to Insert Markdown Citations},
  author = {Frederik Aust},
  year = {2020},
  note = {R package version 0.3.2},
  url = {https://CRAN.R-project.org/package=citr}


@ggthemespkg{ggthemes,
  title = {ggthemes: Extra Themes, Scales, and Geoms for 'ggplot2'},
  author = {Jeffrey Arnold},
  year = {2022},
  note = {R package version 4.2.4},
  url = {https://CRAN.R-project.org/package=ggthemes}
}

@ggplot2pkg{ggplot2,
  title = {ggplot2: Elegant Graphics for Data Analysis},
  author = {Hadley Wickham and Winston Chang and Lionel Henry and Thomas Lin Pedersen and Kohske Takahashi and Claus Wilke and Kara Woo and Hiroaki Yutani},
  year = {2023},
  note = {R package version 3.4.0},
  url = {https://CRAN.R-project.org/package=ggplot2}
}
